<collection xmlns="http://www.loc.gov/MARC21/slim">
<record>
  <leader>03591nam0a2200565 i 450 </leader>
  <controlfield tag="001">IT\ICCU\CNCE\034425</controlfield>
  <controlfield tag="005">20160714000000.0</controlfield>
  <datafield tag="012" ind1=" " ind2=" ">
    <subfield code="a">istu o-59 cai* cobe (3) 1508 (R)</subfield>
    <subfield code="2">fei</subfield>
  </datafield>
  <datafield tag="100" ind1=" " ind2=" ">
    <subfield code="a">19971230d1508        0itac0103    ba</subfield>
  </datafield>
  <datafield tag="101" ind1=" " ind2=" ">
    <subfield code="a">LAT</subfield>
  </datafield>
  <datafield tag="102" ind1=" " ind2=" ">
    <subfield code="a">IT</subfield>
  </datafield>
  <datafield tag="200" ind1="1" ind2=" ">
    <subfield code="a">℗P. Ouidii Nasonis ℗Fastorum libri diligenti emendatione typis impressi aptissimisque figuris ornate commentatoribus Antonio Constantio Fanensi: Paulo Marso Piscinate viris clarissimis additis quibusdam versibus qui deerant in aliis codicibus: insuper Grecis characteribus vbi deerant in aliis impressionibus: appositis rebus notabilibus quibusdam in margine vna cum tabula in ordine alphabeti: que nullo in alio codice impresse reperies</subfield>
  </datafield>
  <datafield tag="210" ind1=" " ind2=" ">
    <subfield code="e">Impressum Venetiis</subfield>
    <subfield code="g">opera &amp; impensa solertissimi uiri Ioannis Tacuini de Tridino ... </subfield>
    <subfield code="h">1508 die IIII Iunii</subfield>
  </datafield>
  <datafield tag="215" ind1=" " ind2=" ">
    <subfield code="a">\12!, CXCIX, \1! c.</subfield>
    <subfield code="c">ill.</subfield>
    <subfield code="d">fol</subfield>
  </datafield>
  <datafield tag="620" ind1=" " ind2=" ">
    <subfield code="a">IT</subfield>
    <subfield code="d">Venezia</subfield>
  </datafield>
  <datafield tag="700" ind1=" " ind2="1">
    <subfield code="a">Ovidius Naso,</subfield>
    <subfield code="b">Publius</subfield>
    <subfield code="3">IT\ICCU\CNCA\003076</subfield>
  </datafield>
  <datafield tag="702" ind1=" " ind2="1">
    <subfield code="a">Costanzi,</subfield>
    <subfield code="b">Antonio</subfield>
    <subfield code="3">IT\ICCU\CNCA\003547</subfield>
  </datafield>
  <datafield tag="702" ind1=" " ind2="1">
    <subfield code="a">Marso,</subfield>
    <subfield code="b">Paolo</subfield>
    <subfield code="3">IT\ICCU\CNCA\016760</subfield>
  </datafield>
  <datafield tag="712" ind1="0" ind2="0">
    <subfield code="a">Tacuino, Giovanni</subfield>
    <subfield code="3">IT\ICCU\CNCT\000206</subfield>
    <subfield code="4">650</subfield>
  </datafield>
  <datafield tag="790" ind1=" " ind2="0">
    <subfield code="a">Ovidius</subfield>
    <subfield code="3">IT\ICCU\CNCA\022433</subfield>
    <subfield code="z">Ovidius Naso, Publius</subfield>
  </datafield>
  <datafield tag="790" ind1=" " ind2="0">
    <subfield code="a">Publius Ovidius Naso</subfield>
    <subfield code="3">IT\ICCU\CNCA\022434</subfield>
    <subfield code="z">Ovidius Naso, Publius</subfield>
  </datafield>
  <datafield tag="790" ind1=" " ind2="0">
    <subfield code="a">Antonius Fanensis</subfield>
    <subfield code="3">IT\ICCU\CNCA\012531</subfield>
    <subfield code="z">Costanzi, Antonio</subfield>
  </datafield>
  <datafield tag="790" ind1=" " ind2="1">
    <subfield code="a">Constantius,</subfield>
    <subfield code="b">Antonius</subfield>
    <subfield code="3">IT\ICCU\CNCA\013704</subfield>
    <subfield code="z">Costanzi, Antonio</subfield>
  </datafield>
  <datafield tag="790" ind1=" " ind2="0">
    <subfield code="a">Antonio</subfield>
    <subfield code="c"> : da#Fano</subfield>
    <subfield code="3">IT\ICCU\CNCA\028072</subfield>
    <subfield code="z">Costanzi, Antonio</subfield>
  </datafield>
  <datafield tag="790" ind1=" " ind2="1">
    <subfield code="a">Marsi,</subfield>
    <subfield code="b">Paolo</subfield>
    <subfield code="3">IT\ICCU\CNCA\021065</subfield>
    <subfield code="z">Marso, Paolo</subfield>
  </datafield>
  <datafield tag="790" ind1=" " ind2="1">
    <subfield code="a">Marsus,</subfield>
    <subfield code="b">Paulus</subfield>
    <subfield code="3">IT\ICCU\CNCA\021066</subfield>
    <subfield code="z">Marso, Paolo</subfield>
  </datafield>
  <datafield tag="791" ind1="0" ind2="0">
    <subfield code="a">Cereto, Ioannes de</subfield>
    <subfield code="3">IT\ICCU\CNCT\002713</subfield>
    <subfield code="z">Tacuino, Giovanni</subfield>
  </datafield>
  <datafield tag="791" ind1="0" ind2="2">
    <subfield code="a">Ioannes de Cereto de Tridino</subfield>
    <subfield code="3">IT\ICCU\CNCT\002724</subfield>
    <subfield code="z">Tacuino, Giovanni</subfield>
  </datafield>
  <datafield tag="791" ind1="0" ind2="0">
    <subfield code="a">Tacuinus, Ioannes</subfield>
    <subfield code="3">IT\ICCU\CNCT\005546</subfield>
    <subfield code="z">Tacuino, Giovanni</subfield>
  </datafield>
  <datafield tag="801" ind1=" " ind2="3">
    <subfield code="a">IT</subfield>
    <subfield code="b">ICCU</subfield>
    <subfield code="c">20201114</subfield>
  </datafield>
  <datafield tag="899" ind1=" " ind2=" ">
    <subfield code="a">Biblioteca universitaria. Bologna</subfield>
    <subfield code="1">BO0098</subfield>
    <subfield code="2">UBO BU</subfield>
  </datafield>
  <datafield tag="899" ind1=" " ind2=" ">
    <subfield code="a">Biblioteca padre Dionisio Piccirilli. Campobasso</subfield>
    <subfield code="1">CB0101</subfield>
    <subfield code="2">MOL C2</subfield>
  </datafield>
  <datafield tag="899" ind1=" " ind2=" ">
    <subfield code="a">Biblioteca statale del Monumento nazionale di Montecassino. Cassino</subfield>
    <subfield code="1">FR0084</subfield>
    <subfield code="2">RML 25</subfield>
  </datafield>
  <datafield tag="899" ind1=" " ind2=" ">
    <subfield code="a">Biblioteca universitaria. Genova</subfield>
    <subfield code="1">GE0038</subfield>
    <subfield code="2">LIG 01</subfield>
  </datafield>
  <datafield tag="899" ind1=" " ind2=" ">
    <subfield code="a">Biblioteca statale Isontina. Gorizia</subfield>
    <subfield code="1">GO0025</subfield>
    <subfield code="2">TSA BI</subfield>
  </datafield>
  <datafield tag="899" ind1=" " ind2=" ">
    <subfield code="a">Biblioteca Palatina. Parma</subfield>
    <subfield code="1">PR0072</subfield>
    <subfield code="2">PAR PA</subfield>
  </datafield>
  <datafield tag="899" ind1=" " ind2=" ">
    <subfield code="a">Biblioteca di archeologia e storia dell&apos;arte. Roma</subfield>
    <subfield code="1">RM0117</subfield>
    <subfield code="2">BVE BA</subfield>
  </datafield>
  <datafield tag="899" ind1=" " ind2=" ">
    <subfield code="a">Biblioteca nazionale centrale. Roma</subfield>
    <subfield code="1">RM0267</subfield>
    <subfield code="2">BVE CR</subfield>
  </datafield>
  <datafield tag="899" ind1=" " ind2=" ">
    <subfield code="a">Biblioteca statale del Monumento nazionale S. Scolastica. Subiaco</subfield>
    <subfield code="1">RM0602</subfield>
    <subfield code="2">BVE SU</subfield>
  </datafield>
  <datafield tag="899" ind1=" " ind2=" ">
    <subfield code="a">Biblioteca statale del Monumento nazionale. Cava dei Tirreni</subfield>
    <subfield code="1">SA0088</subfield>
    <subfield code="2">NAP 95</subfield>
  </datafield>
  <datafield tag="899" ind1=" " ind2=" ">
    <subfield code="a">Biblioteca civica Girolamo Tartarotti. Rovereto</subfield>
    <subfield code="1">TN0103</subfield>
    <subfield code="2">ZTN 08</subfield>
  </datafield>
  <datafield tag="899" ind1=" " ind2=" ">
    <subfield code="a">Biblioteca comunale. Trento</subfield>
    <subfield code="1">TN0121</subfield>
    <subfield code="2">ZTN 01</subfield>
  </datafield>
  <datafield tag="899" ind1=" " ind2=" ">
    <subfield code="a">Biblioteca Diocesana Vigilianum. Trento</subfield>
    <subfield code="1">TN0132</subfield>
    <subfield code="2">ZTN 10</subfield>
  </datafield>
  <datafield tag="899" ind1=" " ind2=" ">
    <subfield code="a">British Library. London</subfield>
    <subfield code="1">UK0001</subfield>
  </datafield>
  <datafield tag="899" ind1=" " ind2=" ">
    <subfield code="a">Biblioteca nazionale Marciana. Venezia</subfield>
    <subfield code="1">VE0049</subfield>
    <subfield code="2">VEA BM</subfield>
  </datafield>
  <datafield tag="899" ind1=" " ind2=" ">
    <subfield code="a">Biblioteche della Fondazione Giorgio Cini onlus. Venezia</subfield>
    <subfield code="1">VE0239</subfield>
    <subfield code="2">VEA FC</subfield>
  </datafield>
  <datafield tag="911" ind1=" " ind2=" ">
    <subfield code="a">Nel coloph.</subfield>
    <subfield code="9">IT\ICCU\CNCM\000237</subfield>
  </datafield>
  <datafield tag="911" ind1=" " ind2=" ">
    <subfield code="a">Sul front.</subfield>
    <subfield code="9">IT\ICCU\CNCM\000620</subfield>
  </datafield>
  <datafield tag="921" ind1=" " ind2=" ">
    <subfield code="a">IT\ICCU\CNCM\000237</subfield>
    <subfield code="b">Cerchi concentrici con croce doppia e iniziali Z.T.</subfield>
    <subfield code="c">A91</subfield>
    <subfield code="c">V486</subfield>
    <subfield code="c">Z326</subfield>
    <subfield code="d">Dimensioni: 5,4 x 6,8</subfield>
    <subfield code="f">CERCHIO</subfield>
    <subfield code="f">CROCE</subfield>
    <subfield code="f">ZT</subfield>
    <subfield code="g">1501-1520</subfield>
  </datafield>
  <datafield tag="921" ind1=" " ind2=" ">
    <subfield code="a">IT\ICCU\CNCM\000620</subfield>
    <subfield code="b">S. Giovanni Battista con la croce e accanto l&apos;agnello. Dalla croce scende il nastro con il motto</subfield>
    <subfield code="e">Ecce agnus Dei</subfield>
    <subfield code="c">K328</subfield>
    <subfield code="c">V487</subfield>
    <subfield code="c">Z675</subfield>
    <subfield code="d">Dimensioni: 7,8 x 10</subfield>
    <subfield code="f">AGNELLO</subfield>
    <subfield code="f">CROCE</subfield>
    <subfield code="f">ECCEAGNUSD</subfield>
    <subfield code="f">GIOVANNI</subfield>
    <subfield code="g">1502-1531</subfield>
  </datafield>
</record>
</collection>
